@book{BjornlandThorsrud.2015,
	title={Applied Time Series for Macroeconomics},
	author={Bj{\o}rnland, H.C. and Thorsrud, L.A.},
	isbn={9788205480896},
	url={https://books.google.de/books?id=8hV8jwEACAAJ},
	year={2015},
	publisher={Gyldendal}
}

@article{CrackLedoit.2010,
	author = {Timothy Falcon Crack and Oliver Ledoit},
	journal = {Journal of Financial Education},
	number = {1/2},
	pages = {38-60},
	publisher = {Financial Education Association},
	title = {Central Limit Theorems When Data Are Dependent: Addressing the Pedagogical Gaps},
	volume = {36},
	year = {2010}
}


@incollection{Luetkepohl.2004, 
	place={Cambridge}, 
	title={Univariate Time Series Analysis}, 
	DOI={10.1017/CBO9780511606885.003}, 
	booktitle={Applied Time Series Econometrics}, 
	publisher={Cambridge University Press}, 
	author={L{\"u}tkepohl, Helmut}, 
	editor={L{\"u}tkepohl, Helmut and Kr{\"a}tzig, Markus}, 
	year={2004}, 
	pages={8--85}, 
}


@Incollection{Schorfheide.2010,
	author="Schorfheide, Frank",
	editor="Durlauf, Steven N. and Blume, Lawrence E.",
	title="Bayesian methods in macroeconometrics",
	booktitle="Macroeconometrics and Time Series Analysis",
	year="2010",
	publisher="Palgrave Macmillan UK",
	address="London",
	pages="28--34",
	doi="10.1057/9780230280830_3",
}

@Incollection{FernandezVillaverdeRubioRamirez.2010,
	author="Fern{\'a}ndez-Villaverde, Jes{\'u}s
	and Rubio-Ram{\'i}rez, Juan F.",
	editor="Durlauf, Steven N.
	and Blume, Lawrence E.",
	title="Structural vector autoregressions",
	bookTitle="Macroeconometrics and Time Series Analysis",
	year="2010",
	publisher="Palgrave Macmillan UK",
	address="London",
	pages="303--307",
	isbn="978-0-230-28083-0",
	doi="10.1057/9780230280830_33",
	url="https://doi.org/10.1057/9780230280830_33"
}


@book{Torres.2015,
	author = "Torres, Jos{\'e} L.", 
	title = "Introduction to Dynamic Macroeconomic General Equilibrium Models",
	edition = "2",
	publisher= "Vernon Art and Science",
	year="2015",
} 


@incollection{FVRRS.2016,
	title = {{Solution and Estimation Methods for DSGE Models}},
	editor = {Taylor, John B. and Uhlig, Harald},
	booktitle = {Handbook of Macroeconomics Volume 2 (forthcoming)},
	year = {2016},
	author = {Fern{\'a}ndez-Villaverde, Jes{\'u}s and Rubio-Ram{\'i}rez, Juan F. and Frank Schorfheide},
	publisher = "North-Holland",
}
